/home/dave/Documents/bib/or647.bib